@misc{CERT/CC,
    author    = "Computer Emergency Response Team (Coordenation Center) Acessado em 10/05/2015",
    title     = "CERT/CC Statistics 1988-2015",
    url       = "http://www.cert.br/stats/incidentes"
}