	@electronic{CERT,
    organization    = "Computer Emergency Response Team",
    urlaccessdate = "25/05/2015",
    url       = "http://www.cert.br/stats/incidentes"
}